@article{vergnon2012emergent,
  title={Emergent neutrality leads to multimodal species abundance distributions},
  author={Vergnon, Remi and Van Nes, Egbert H and Scheffer, Marten},
  journal={Nature communications},
  volume={3},
  number={1},
  pages={1--6},
  year={2012},
  publisher={Nature Publishing Group}
}

@article{dornelas2008multiple,
  title={Multiple modes in a coral species abundance distribution},
  author={Dornelas, Maria and Connolly, Sean R},
  journal={Ecology Letters},
  volume={11},
  number={10},
  pages={1008--1016},
  year={2008},
  publisher={Wiley Online Library}
}


@article{hardin1960competitive,
  title={The competitive exclusion principle},
  author={Hardin, Garrett},
  journal={science},
  volume={131},
  number={3409},
  pages={1292--1297},
  year={1960},
  publisher={JSTOR}
}

@article{macarthur1970species,
  title={Species packing and competitive equilibrium for many species},
  author={MacArthur, Robert},
  journal={Theoretical population biology},
  volume={1},
  number={1},
  pages={1--11},
  year={1970},
  publisher={Elsevier}
}

@article{chesson1990macarthur,
  title={MacArthur's consumer-resource model},
  author={Chesson, Peter},
  journal={Theoretical Population Biology},
  volume={37},
  number={1},
  pages={26--38},
  year={1990},
  publisher={Elsevier}
}

@article{o2018whence,
  title={Whence Lotka-Volterra?},
  author={O’Dwyer, James P},
  journal={Theoretical Ecology},
  volume={11},
  number={4},
  pages={441--452},
  year={2018},
  publisher={Springer}
}


@article{valencia2020synchrony,
  title={Synchrony matters more than species richness in plant community stability at a global scale},
  author={Valencia, Enrique and de Bello, Francesco and Galland, Thomas and Adler, Peter B and Lep{\v{s}}, Jan and Anna, E and van Klink, Roel and Carmona, Carlos P and Danihelka, Ji{\v{r}}{\'\i} and Dengler, J{\"u}rgen and others},
  journal={Proceedings of the National Academy of Sciences},
  volume={117},
  number={39},
  pages={24345--24351},
  year={2020},
  publisher={National Acad Sciences}
}

@article{hong2006predicting,
  title={Predicting microbial species richness},
  author={Hong, Sun-Hee and Bunge, John and Jeon, Sun-Ok and Epstein, Slava S},
  journal={Proceedings of the National Academy of Sciences},
  volume={103},
  number={1},
  pages={117--122},
  year={2006},
  publisher={National Acad Sciences}
}

@article{adler2011productivity,
  title={Productivity is a poor predictor of plant species richness},
  author={Adler, Peter B and Seabloom, Eric W and Borer, Elizabeth T and Hillebrand, Helmut and Hautier, Yann and Hector, Andy and Harpole, W Stanley and O’Halloran, Lydia R and Grace, James B and Anderson, T Michael and others},
  journal={science},
  volume={333},
  number={6050},
  pages={1750--1753},
  year={2011},
  publisher={American Association for the Advancement of Science}
}

@article{rahbek2001multiscale,
  title={Multiscale assessment of patterns of avian species richness},
  author={Rahbek, Carsten and Graves, Gary R},
  journal={Proceedings of the National Academy of Sciences},
  volume={98},
  number={8},
  pages={4534--4539},
  year={2001},
  publisher={National Acad Sciences}
}

@article{zuppinger2014selection,
  title={Selection for niche differentiation in plant communities increases biodiversity effects},
  author={Zuppinger-Dingley, Debra and Schmid, Bernhard and Petermann, Jana S and Yadav, Varuna and De Deyn, Gerlinde B and Flynn, Dan FB},
  journal={Nature},
  volume={515},
  number={7525},
  pages={108--111},
  year={2014},
  publisher={Nature Publishing Group}
}

@article{chave2004neutral,
  title={Neutral theory and community ecology},
  author={Chave, Jer{\^o}me},
  journal={Ecology letters},
  volume={7},
  number={3},
  pages={241--253},
  year={2004},
  publisher={Wiley Online Library}
}



@article{lynch2015ecology,
  title={Ecology and exploration of the rare biosphere},
  author={Lynch, Michael DJ and Neufeld, Josh D},
  journal={Nature Reviews Microbiology},
  volume={13},
  number={4},
  pages={217--229},
  year={2015},
  publisher={Nature Publishing Group}
}

@article{verberk2011explaining,
  title={Explaining general patterns in species abundance and distributions},
  author={Verberk, WCEP},
  journal={Nature Education Knowledge},
  volume={3},
  number={10},
  pages={38},
  year={2011}
}

@article{rulands2018universality,
  title={Universality of clone dynamics during tissue development},
  author={Rulands, Steffen and Lescroart, Fabienne and Chabab, Samira and Hindley, Christopher J and Prior, Nicole and Sznurkowska, Magdalena K and Huch, Meritxell and Philpott, Anna and Blanpain, Cedric and Simons, Benjamin D},
  journal={Nature physics},
  volume={14},
  number={5},
  pages={469--474},
  year={2018},
  publisher={Nature Publishing Group}
}

@article{de2020naive,
  title={The naive T-cell receptor repertoire has an extremely broad distribution of clone sizes},
  author={de Greef, Peter C and Oakes, Theres and Gerritsen, Bram and Ismail, Mazlina and Heather, James M and Hermsen, Rutger and Chain, Benjamin and de Boer, Rob J},
  journal={Elife},
  volume={9},
  pages={e49900},
  year={2020},
  publisher={eLife Sciences Publications Limited}
}

@article{nias1968clone,
  title={Clone size analysis: a parameter in the study of cell population kinetics},
  author={Nias, AHW},
  journal={Cell Proliferation},
  volume={1},
  number={2},
  pages={153--165},
  year={1968},
  publisher={Wiley Online Library}
}

@book{gause2019struggle,
  title={The Struggle for Existence: A Classic of Mathematical Biology and Ecology},
  author={Gause, George Francis},
  year={2019},
  publisher={Courier Dover Publications}
}

@article{ratzke2020strength,
  title={Strength of species interactions determines biodiversity and stability in microbial communities},
  author={Ratzke, Christoph and Barrere, Julien and Gore, Jeff},
  journal={Nature ecology \& evolution},
  volume={4},
  number={3},
  pages={376--383},
  year={2020},
  publisher={Nature Publishing Group}
}

@incollection{pocheville2015ecological,
  title={The ecological niche: history and recent controversies},
  author={Pocheville, Arnaud},
  booktitle={Handbook of evolutionary thinking in the sciences},
  pages={547--586},
  year={2015},
  publisher={Springer}
}

@book{morin2009community,
  title={Community ecology},
  author={Morin, Peter J},
  year={2009},
  publisher={John Wiley \& Sons}
}

@article{bell2001neutral,
  title={Neutral macroecology},
  author={Bell, Graham},
  journal={Science},
  volume={293},
  number={5539},
  pages={2413--2418},
  year={2001},
  publisher={American Association for the Advancement of Science}
}

@article{matthews2015species,
  title={On the species abundance distribution in applied ecology and biodiversity management},
  author={Matthews, Thomas J and Whittaker, Robert J},
  journal={Journal of Applied Ecology},
  volume={52},
  number={2},
  pages={443--454},
  year={2015},
  publisher={Wiley Online Library}
}

@article{foster2017evolution,
  title={The evolution of the host microbiome as an ecosystem on a leash},
  author={Foster, Kevin R and Schluter, Jonas and Coyte, Katharine Z and Rakoff-Nahoum, Seth},
  journal={Nature},
  volume={548},
  number={7665},
  pages={43--51},
  year={2017},
  publisher={Nature Publishing Group}
}

@article{strom2008microbial,
  title={Microbial ecology of ocean biogeochemistry: a community perspective},
  author={Strom, Suzanne L},
  journal={science},
  volume={320},
  number={5879},
  pages={1043--1045},
  year={2008},
  publisher={American Association for the Advancement of Science}
}

@book{tilman1982resource,
  title={Resource competition and community structure},
  author={Tilman, David},
  year={1982},
  publisher={Princeton university press}
}

@article{tilman1977resource,
  title={Resource competition between plankton algae: an experimental and theoretical approach},
  author={Tilman, David},
  journal={Ecology},
  volume={58},
  number={2},
  pages={338--348},
  year={1977},
  publisher={Wiley Online Library}
}

@article{barabas2016effect,
  title={The effect of intra-and interspecific competition on coexistence in multispecies communities},
  author={Barab{\'a}s, Gy{\"o}rgy and J. Michalska-Smith, Matthew and Allesina, Stefano},
  journal={The American Naturalist},
  volume={188},
  number={1},
  pages={E1--E12},
  year={2016},
  publisher={University of Chicago Press Chicago, IL}
}

@article{allesina2008network,
  title={Network structure, predator--prey modules, and stability in large food webs},
  author={Allesina, Stefano and Pascual, Mercedes},
  journal={Theoretical Ecology},
  volume={1},
  number={1},
  pages={55--64},
  year={2008},
  publisher={Springer}
}

@article{allesina2012stability,
  title={Stability criteria for complex ecosystems},
  author={Allesina, Stefano and Tang, Si},
  journal={Nature},
  volume={483},
  number={7388},
  pages={205--208},
  year={2012},
  publisher={Nature Publishing Group}
}

@book{magurran2013measuring,
  title={Measuring biological diversity},
  author={Magurran, Anne E},
  year={2013},
  publisher={John Wiley \& Sons}
}

@article{may1972will,
  title={Will a large complex system be stable?},
  author={May, Robert M},
  journal={Nature},
  volume={238},
  number={5364},
  pages={413--414},
  year={1972},
  publisher={Nature Publishing Group}
}

@article{leidinger2017biodiversity,
  title={Biodiversity dynamics on Islands: Explicitly accounting for causality in mechanistic models},
  author={Leidinger, Ludwig and Cabral, Juliano Sarmento},
  journal={Diversity},
  volume={9},
  number={3},
  pages={30},
  year={2017},
  publisher={Multidisciplinary Digital Publishing Institute}
}

@article{scheiner1997placing,
  title={Placing empirical limits on metapopulation models for terrestrial plants},
  author={Scheiner, S. M., and J. M. Rey-Benayas},
  journal={Evolutionary Ecology},
  volume={11},
  number={3},
  pages={275--288},
  year={1997},
  publisher={Springer}
}

@article{xu2018immigration,
  title={Immigration-induced phase transition in a regulated multispecies birth-death process},
  author={Xu, Song and Chou, Tom},
  journal={Journal of Physics A: Mathematical and Theoretical},
  volume={51},
  number={42},
  pages={425602},
  year={2018},
  publisher={IOP Publishing}
}

@article{scheffer2006self,
  title={Self-organized similarity, the evolutionary emergence of groups of similar species},
  author={Scheffer, Marten and van Nes, Egbert H},
  journal={Proceedings of the National Academy of Sciences},
  volume={103},
  number={16},
  pages={6230--6235},
  year={2006},
  publisher={National Acad Sciences}
}

@article{zhang2020lifting,
  title={Lifting the veil on arid-to-hyperarid Antarctic soil microbiomes: a tale of two oases},
  author={Zhang, Eden and Thibaut, Lo{\"\i}c M and Terauds, Aleks and Raven, Mark and Tanaka, Mark M and van Dorst, Josie and Wong, Sin Yin and Crane, Sally and Ferrari, Belinda C},
  journal={Microbiome},
  volume={8},
  number={1},
  pages={1--12},
  year={2020},
  publisher={BioMed Central}
}

@article{segura2013competition,
  title={Competition drives clumpy species coexistence in estuarine phytoplankton},
  author={Segura, AM and Kruk, C and Calliari, D and Garc{\'\i}a-Rodriguez, F and Conde, D and Widdicombe, CE and Fort, H},
  journal={Scientific reports},
  volume={3},
  pages={1037},
  year={2013},
  publisher={Nature Publishing Group}
}

@book{tuljapurkar2013population,
  title={Population dynamics in variable environments},
  author={Tuljapurkar, Shripad},
  volume={85},
  year={2013},
  publisher={Springer Science \& Business Media}
}

@article{fisher2014transition,
  title={The transition between the niche and neutral regimes in ecology},
  author={Fisher, Charles K and Mehta, Pankaj},
  journal={Proceedings of the National Academy of Sciences},
  volume={111},
  number={36},
  pages={13111--13116},
  year={2014},
  publisher={National Acad Sciences}
}

@article{vergnon2012emergent,
  title={Emergent neutrality leads to multimodal species abundance distributions},
  author={Vergnon, Remi and Van Nes, Egbert H and Scheffer, Marten},
  journal={Nature communications},
  volume={3},
  number={1},
  pages={1--6},
  year={2012},
  publisher={Nature Publishing Group}
}

@article{mcgill2007species,
  title={Species abundance distributions: moving beyond single prediction theories to integration within an ecological framework},
  author={McGill, Brian J and Etienne, Rampal S and Gray, John S and Alonso, David and Anderson, Marti J and Benecha, Habtamu Kassa and Dornelas, Maria and Enquist, Brian J and Green, Jessica L and He, Fangliang and others},
  journal={Ecology letters},
  volume={10},
  number={10},
  pages={995--1015},
  year={2007},
  publisher={Wiley Online Library}
}

@article{capitan2015similar,
  title={How similar can co-occurring species be in the presence of competition and ecological drift?},
  author={Capit{\'a}n, Jos{\'e} A and Cuenda, Sara and Alonso, David},
  journal={Journal of the Royal Society Interface},
  volume={12},
  number={110},
  pages={20150604},
  year={2015},
  publisher={The Royal Society}
}

@book{gardiner1985handbook,
  title={Handbook of stochastic methods},
  author={Gardiner, Crispin W and others},
  volume={3},
  year={1985},
  publisher={springer Berlin}
}

@article{capitan2020competitive,
  title={Competitive dominance in plant communities: Modeling approaches and theoretical predictions},
  author={Capit{\'a}n, Jos{\'e} A and Cuenda, Sara and Alonso, David},
  journal={Journal of Theoretical Biology},
  volume={502},
  pages={110349},
  year={2020},
  publisher={Elsevier}
}

@article{capitan2017stochastic,
  title={Stochastic competitive exclusion leads to a cascade of species extinctions},
  author={Capit{\'a}n, Jos{\'e} A and Cuenda, Sara and Alonso, David},
  journal={Journal of Theoretical Biology},
  volume={419},
  pages={137--151},
  year={2017},
  publisher={Elsevier}
}

@article{haegeman2011mathematical,
  title={A mathematical synthesis of niche and neutral theories in community ecology},
  author={Haegeman, Bart and Loreau, Michel},
  journal={Journal of theoretical biology},
  volume={269},
  number={1},
  pages={150--165},
  year={2011},
  publisher={Elsevier}
}

@article{alonso2006merits,
  title={The merits of neutral theory},
  author={Alonso, David and Etienne, Rampal S and McKane, Alan J},
  journal={Trends in ecology \& evolution},
  volume={21},
  number={8},
  pages={451--457},
  year={2006},
  publisher={Elsevier}
}

@book{hubbell2001unified,
  title={The unified neutral theory of biodiversity and biogeography (MPB-32)},
  author={Hubbell, Stephen P},
  volume={32},
  year={2001},
  publisher={Princeton University Press}
}

@article{macarthur1967limiting,
  title={The limiting similarity, convergence, and divergence of coexisting species},
  author={MacArthur, Robert and Levins, Richard},
  journal={The american naturalist},
  volume={101},
  number={921},
  pages={377--385},
  year={1967},
  publisher={Science Press}
}

@book{grover1997resource,
  title={Resource competition},
  author={Grover, James P and Hudziak, JAMES and Grover, James D},
  volume={19},
  year={1997},
  publisher={Springer Science \& Business Media}
}

@article{shakiba2019cell,
  title={Cell competition during reprogramming gives rise to dominant clones},
  author={Shakiba, Nika and Fahmy, Ahmed and Jayakumaran, Gowtham and McGibbon, Sophie and David, Laurent and Trcka, Daniel and Elbaz, Judith and Puri, Mira C and Nagy, Andras and van der Kooy, Derek and others},
  journal={Science},
  volume={364},
  number={6438},
  year={2019},
  publisher={American Association for the Advancement of Science}
}

@article{loreau1998biodiversity,
  title={Biodiversity and ecosystem functioning: a mechanistic model},
  author={Loreau, Michel},
  journal={Proceedings of the National Academy of Sciences},
  volume={95},
  number={10},
  pages={5632--5636},
  year={1998},
  publisher={National Acad Sciences}
}

@article{kalmykov2012mechanistic,
  title={Mechanistic mechanisms of competition and biodiversity},
  author={Kalmykov, Lev and Kalmykov, Vyacheslav},
  journal={Nature Precedings},
  volume={7},
  pages={1--1},
  year={2012},
  publisher={Springer}
}

@article{kalmykov2013verification,
  title={Verification and reformulation of the competitive exclusion principle},
  author={Kalmykov, Lev V and Kalmykov, Vyacheslav L},
  journal={Chaos, Solitons \& Fractals},
  volume={56},
  pages={124--131},
  year={2013},
  publisher={Elsevier}
}

@article{kessler2015generalized,
  title={Generalized model of island biodiversity},
  author={Kessler, David A and Shnerb, Nadav M},
  journal={Physical Review E},
  volume={91},
  number={4},
  pages={042705},
  year={2015},
  publisher={APS}
}

@article{blythe2007stochastic,
  title={Stochastic models of evolution in genetics, ecology and linguistics},
  author={Blythe, Richard A and McKane, Alan J},
  journal={Journal of Statistical Mechanics: Theory and Experiment},
  volume={2007},
  number={07},
  pages={P07018},
  year={2007},
  publisher={IOP Publishing}
}

@article{fowler2013colonization,
  title={Colonization, covariance and colour: Environmental and ecological drivers of diversity--stability relationships},
  author={Fowler, Mike S and Ruokolainen, Lasse},
  journal={Journal of theoretical biology},
  volume={324},
  pages={32--41},
  year={2013},
  publisher={Elsevier}
}

@article{chesson2000mechanisms,
  title={Mechanisms of maintenance of species diversity},
  author={Chesson, Peter},
  journal={Annual review of Ecology and Systematics},
  volume={31},
  number={1},
  pages={343--366},
  year={2000},
  publisher={Annual Reviews 4139 El Camino Way, PO Box 10139, Palo Alto, CA 94303-0139, USA}
}

@article{hutchinson1961paradox,
  title={The paradox of the plankton},
  author={Hutchinson, G Evelyn},
  journal={The American Naturalist},
  volume={95},
  number={882},
  pages={137--145},
  year={1961},
  publisher={Science Press}
}

@article{koura2017competitive,
  title={Competitive interaction model for online social networks’ users’ data forwarding at a subnet},
  author={Koura, Yaya H and Zhang, Yaming and Liu, Hai’ou},
  journal={Mathematical Problems in Engineering},
  volume={2017},
  year={2017},
  publisher={Hindawi}
}

@article{budzinski2007monoculture,
  title={Monoculture versus diversity in competition economics},
  author={Budzinski, Oliver},
  journal={Cambridge Journal of Economics},
  volume={32},
  number={2},
  pages={295--324},
  year={2007},
  publisher={Cambridge Political Economy Society}
}

@article{kareva2015cancer,
  title={Cancer ecology: Niche construction, keystone species, ecological succession, and ergodic theory},
  author={Kareva, Irina},
  journal={Biological Theory},
  volume={10},
  number={4},
  pages={283--288},
  year={2015},
  publisher={Springer}
}

@article{merlo2006cancer,
  title={Cancer as an evolutionary and ecological process},
  author={Merlo, Lauren MF and Pepper, John W and Reid, Brian J and Maley, Carlo C},
  journal={Nature reviews cancer},
  volume={6},
  number={12},
  pages={924--935},
  year={2006},
  publisher={Nature Publishing Group}
}

@article{gorter2020understanding,
  title={Understanding the evolution of interspecies interactions in microbial communities},
  author={Gorter, Florien A and Manhart, Michael and Ackermann, Martin},
  journal={Philosophical Transactions of the Royal Society B},
  volume={375},
  number={1798},
  pages={20190256},
  year={2020},
  publisher={The Royal Society}
}

@article{coyte2015ecology,
  title={The ecology of the microbiome: networks, competition, and stability},
  author={Coyte, Katharine Z and Schluter, Jonas and Foster, Kevin R},
  journal={Science},
  volume={350},
  number={6261},
  pages={663--666},
  year={2015},
  publisher={American Association for the Advancement of Science}
}

@book{lack1983darwin,
  title={Darwin's finches},
  author={Lack, David and David, Lack},
  year={1983},
  publisher={CUP Archive}
}

@article{lewin1983finches,
  title={Finches show competition in ecology},
  author={Lewin, Roger},
  journal={Science},
  volume={219},
  number={4591},
  pages={1411--1412},
  year={1983},
  publisher={American Association for the Advancement of Science}
}

@book{begon2006ecology,
  title={Ecology: from individuals to ecosystems},
  author={Begon, Michael and Townsend, Colin R and Harper, John L},
  number={Sirsi) i9781405111171},
  year={2006}
}

@article{MacArthur1969species,
  title={Species packing, and what competition minimizes},
  author={Mac Arthur, Robert},
  journal={Proceedings of the National Academy of Sciences},
  volume={64},
  number={4},
  pages={1369--1371},
  year={1969},
  publisher={National Acad Sciences}
}

@article{black2012stochastic,
  title={Stochastic formulation of ecological models and their applications},
  author={Black, Andrew J and McKane, Alan J},
  journal={Trends in ecology \& evolution},
  volume={27},
  number={6},
  pages={337--345},
  year={2012},
  publisher={Elsevier}
}

@BOOK{Perthame2015parabolic,
  TITLE = {Parabolic Equationsin Biology},
  SUBTITLE = {Growth, Reaction, Movement and Diffusion},
  AUTHOR = {Beno\^it Perthame},
  YEAR = {2015}, 
  PUBLISHER = {Springer},
}

@article{loreau1999immigration,
  title={Immigration and the maintenance of local species diversity},
  author={Loreau, Michel and Mouquet, Nicolas},
  journal={The American Naturalist},
  volume={154},
  number={4},
  pages={427--440},
  year={1999},
  publisher={The University of Chicago Press}
}

@book{murray2007mathematical,
  title={Mathematical biology: I. An introduction},
  author={Murray, James D},
  volume={17},
  year={2007},
  publisher={Springer Science \& Business Media}
}

@article{case1991invasion,
  title={Invasion resistance, species build-up and community collapse in metapopulation models with interspecies competition},
  author={CASE, TED J},
  journal={Biological journal of the Linnean Society},
  volume={42},
  number={1-2},
  pages={239--266},
  year={1991},
  publisher={Oxford University Press}
}

@article{hanski1982dynamics,
  title={Dynamics of regional distribution: the core and satellite species hypothesis},
  author={Hanski, Ilkka},
  journal={Oikos},
  pages={210--221},
  year={1982},
  publisher={JSTOR}
}

@article{badali2020effects,
  title={Effects of niche overlap on coexistence, fixation and invasion in a population of two interacting species},
  author={Badali, Matthew and Zilman, Anton},
  journal={Royal Society open science},
  volume={7},
  number={2},
  pages={192181},
  year={2020},
  publisher={The Royal Society}
}

@article{bunin2016interaction,
  title={Interaction patterns and diversity in assembled ecological communities},
  author={Bunin, Guy},
  journal={arXiv preprint arXiv:1607.04734},
  year={2016}
}

@article{roy2019can,
  title={Can endogenous fluctuations persist in high-diversity ecosystems?},
  author={Roy, Felix and Barbier, Matthieu and Biroli, Giulio and Bunin, Guy},
  journal={arXiv preprint arXiv:1908.03348},
  year={2019}
}
